@UNPUBLISHED{BeRe,
	AUTHOR= "M. Behrens and C.Rezk",
	TITLE= "The Bousfield-Kuhn functor and topological Andre-Quillen cohomology",
	NOTE="Preprint, http://math.mit.edu/~mbehrens/papers/index.html."
}

@UNPUBLISHED{BP18,
	AUTHOR = {Bonventre, Peter and Pereira, Lu{\'i}s Alexandre},
	TITLE = {Equivariant dendroidal Segal spaces and {$G$-$\infty$-}operads},
	NOTE = {arXiv preprint: 1801.02110},
	YEAR = "2018"
}

@article{Per18,
    AUTHOR = {Pereira, Lu\'{\i}s Alexandre},
     TITLE = {Equivariant dendroidal sets},
   JOURNAL = {Algebr. Geom. Topol.},
  FJOURNAL = {Algebraic \& Geometric Topology},
    VOLUME = {18},
      YEAR = {2018},
    NUMBER = {4},
     PAGES = {2179--2244},
      ISSN = {1472-2747},
   MRCLASS = {55U10 (18G30 55U35 55U40)},
  MRNUMBER = {3797065},
MRREVIEWER = {Constanze Roitzheim},
       DOI = {10.2140/agt.2018.18.2179},
       URL = {https://doi.org/10.2140/agt.2018.18.2179},
}

@UNPUBLISHED{BP17,
	AUTHOR = {Bonventre, Peter and Pereira, Lu{\'i}s Alexandre},
	TITLE = {Genuine equivariant operads},
	NOTE = {arXiv preprint: 1707.02226},
	YEAR = "2017"
}

@article{GW18,
author = "Guti√©rrez, J. and White, D.",
doi = "10.2140/agt.2018.18.2919",
fjournal = "Algebraic & Geometric Topology",
journal = "Algebr. Geom. Topol.",
number = "5",
pages = "2919--2962",
publisher = "MSP",
title = "Encoding equivariant commutativity via operads",
url = "https://doi.org/10.2140/agt.2018.18.2919",
volume = "18",
year = "2018"
}

@UNPUBLISHED{GW17,
	AUTHOR = {Guti\'errez, J. and White, D.},
	TITLE = {Encoding equivariant commutativity via operads},
	NOTE = {arXiv preprint: 1707.02130},
	YEAR = {2017},
}

@ARTICLE{KP17,
    AUTHOR = {Kuhn, Nicholas and Pereira, Lu\'\i s},
     TITLE = {Operad bimodules and composition products on
              {A}ndr\'e--{Q}uillen filtrations of algebras},
   JOURNAL = {Algebr. Geom. Topol.},
  FJOURNAL = {Algebraic \& Geometric Topology},
    VOLUME = {17},
      YEAR = {2017},
    NUMBER = {2},
     PAGES = {1105--1130},
      ISSN = {1472-2747},
   MRCLASS = {55P43 (18D50)},
  MRNUMBER = {3623683},
       DOI = {10.2140/agt.2017.17.1105},
       URL = {http://dx.doi.org/10.2140/agt.2017.17.1105},
}

@UNPUBLISHED{Per17,
	AUTHOR = {Pereira, Lu{\'i}s Alexandre},
	TITLE = {Equivariant dendroidal sets},
	NOTE = {arXiv preprint: 1702.08119},
	YEAR = {2017}
}

@UNPUBLISHED{Rub17,
	AUTHOR = {Rubin, J.},
	TITLE = {On the realization problem for {$N_\infty$} operads},
	NOTE = {arXiv preprint: 1705.03585},
	YEAR = {2017}
}

@ARTICLE{HHM16,
	AUTHOR = {Heuts, Gijs and Hinich, Vladimir and Moerdijk, Ieke},
	TITLE = {On the equivalence between {L}urie's model and the dendroidal
              model for infinity-operads},
	JOURNAL = {Adv. Math.},
	FJOURNAL = {Advances in Mathematics},
	VOLUME = {302},
	YEAR = {2016},
	PAGES = {869--1043},
	ISSN = {0001-8708},
	CODEN = {ADMTA4},
	MRCLASS = {Preliminary Data},
	MRNUMBER = {3545944},
	DOI = {10.1016/j.aim.2016.07.021},
	URL = {http://dx.doi.org/10.1016/j.aim.2016.07.021},
}

@ARTICLE{HHR16,
	author = {Hill, M. A. and Hopkins, M. J. and Ravenel, D. C.},
	title = {On the non-existence of elements of {K}ervaire invariant one},
	journal = {Annals of Mathematics},
	volume = {184},
	issue = {1},
	pages = {1--262},
	year = {2016}
}

@MISC{Lei16,
	title = {Monoidal Categories with Projections},
	author = {Leister, T.},
	year = {2016},
	howpublished = {\url{https://golem.ph.utexas.edu/category/2016/08/monoidal_categories_with_proje.html}},
	note = {From "The n-{C}ategory {C}af\'e"}
}

@ARTICLE{Pe16,
	AUTHOR = {Pereira, Lu{\'i}s Alexandre},
	TITLE = {Cofibrancy of operadic constructions in positive symmetric spectra},
	JOURNAL = {Homology Homotopy Appl.},
	FJOURNAL = {Homology, Homotopy and Applications},
	VOLUME = {18},
	YEAR = {2016},
	NUMBER = {2},
	PAGES = {133--168},
	ISSN = {1532-0073},
	MRCLASS = {55P43 (55P48 55U35)},
	MRNUMBER = {3547239},
	MRREVIEWER = {Steffen Sagave},
	DOI = {10.4310/HHA.2016.v18.n2.a7},
	URL = {http://dx.doi.org/10.4310/HHA.2016.v18.n2.a7},
}

@article {Ste16,
	AUTHOR = {Stephan, Marc},
	TITLE = {On equivariant homotopy theory for model categories},
	JOURNAL = {Homology Homotopy Appl.},
	FJOURNAL = {Homology, Homotopy and Applications},
	VOLUME = {18},
	YEAR = {2016},
	NUMBER = {2},
	PAGES = {183--208},
	ISSN = {1532-0073},
	MRCLASS = {55P91 (18G55 20J15)},
	MRNUMBER = {3551501},
	MRREVIEWER = {Bruce R. Corrigan-Salter},
	DOI = {10.4310/HHA.2016.v18.n2.a10},
	URL = {http://dx.doi.org/10.4310/HHA.2016.v18.n2.a10},
}

@UNPUBLISHED{Wh16,
	AUTHOR="D. White",
	TITLE="Model structures on commutative monoids in general model categories",
	NOTE = {Available at:  \texttt{http://arxiv.org/abs/1403.6759}},
	YEAR=2016
}

@ARTICLE{BH15,
	AUTHOR = {Blumberg, Andrew J. and Hill, Michael A.},
	TITLE = {Operadic multiplications in equivariant spectra, norms, and
              transfers},
	JOURNAL = {Adv. Math.},
	FJOURNAL = {Advances in Mathematics},
	VOLUME = {285},
	YEAR = {2015},
	PAGES = {658--708},
	ISSN = {0001-8708},
	MRCLASS = {Preliminary Data},
	MRNUMBER = {3406512},
	DOI = {10.1016/j.aim.2015.07.013},
	URL = {http://dx.doi.org/10.1016/j.aim.2015.07.013},
}

@UNPUBLISHED{Do15,
	AUTHOR = "E. Dotto",
	TITLE = "Higher equivariant excision",
	NOTE = "{Available at:  \texttt{http://arxiv.org/abs/1507.01909}}",
	YEAR = "2015"
}

@ARTICLE{FV15,
	AUTHOR = {Fiedorowicz, Z. and Vogt, R. M.},
	TITLE = {An additivity theorem for the interchange of {$E_n$}
              structures},
	JOURNAL = {Adv. Math.},
	FJOURNAL = {Advances in Mathematics},
	VOLUME = {273},
	YEAR = {2015},
	PAGES = {421--484},
	ISSN = {0001-8708},
	MRCLASS = {18D50},
	MRNUMBER = {3311768},
	DOI = {10.1016/j.aim.2014.10.020},
	URL = {http://dx.doi.org/10.1016/j.aim.2014.10.020},
}

@ARTICLE{HaCo15,
	AUTHOR = {Harper, John E.},
	TITLE = {Corrigendum to ``{H}omotopy theory of modules over operads in
              symmetric spectra'' [ {MR}2539191]},
	JOURNAL = {Algebr. Geom. Topol.},
	FJOURNAL = {Algebraic \& Geometric Topology},
	VOLUME = {15},
	YEAR = {2015},
	NUMBER = {2},
	PAGES = {1229--1237},
	ISSN = {1472-2747},
	MRCLASS = {55P43 (55P48 55U35)},
	MRNUMBER = {3342691},
	DOI = {10.2140/agt.2015.15.1229},
	URL = {http://dx.doi.org.proxy.its.virginia.edu/10.2140/agt.2015.15.1229},
}

@UNPUBLISHED{HP15,
	AUTHOR = "M. Hausmann and Pereira, Lu{\'i}s Alexandre",
	TITLE = "Graph stable equivalences and operadic constructions in equivariant spectra",
	NOTE = "{Available at:  \texttt{http://www.faculty.virginia.edu/luisalex/}}",
	YEAR = "2015"
}

@UNPUBLISHED{Pe15,
	AUTHOR = "Pereira, Lu{\'i}s Alexandre",
	TITLE = "Filtrations of colored operadic constructions and excisiveness of truncated operadic functors",
	NOTE = "{Available at:  \texttt{http://www.faculty.virginia.edu/luisalex/}}",
	YEAR = "2015"
}

@UNPUBLISHED{WY15,
	title = {Bousfield Localization and Algebras over Colored Operads},
	author = {White, D. and Yau, D.},
	year = {2015},
	note = {arXiv preprint: 1503.06720v2}
}

@UNPUBLISHED{CM14,
	AUTHOR = {Cisinski, Denis-Charles and Moerdijk, Ieke},
	TITLE = {Note on the tensor product of dendroidal sets},
	YEAR = {2014},
	URL = {http://dx.doi.org/10.1112/jtopol/jtt004},
	NOTE = {Available at:  \texttt{https://arxiv.org/abs/1403.6507}},
}

@UNPUBLISHED{Ha14,
	AUTHOR="M. Hausmann",
	TITLE="G-symmetric spectra, semistability and the multiplicative norm",
	NOTE = {Available at:  \texttt{http://arxiv.org/abs/1411.2290}},
	YEAR = "2014"
}

@BOOK{Ri14,
	AUTHOR = {Riehl, Emily},
	TITLE = {Categorical homotopy theory},
	SERIES = {New Mathematical Monographs},
	VOLUME = {24},
	PUBLISHER = {Cambridge University Press, Cambridge},
	YEAR = {2014},
	PAGES = {xviii+352},
	ISBN = {978-1-107-04845-4},
	MRCLASS = {18G55 (18D20 55U35)},
	MRNUMBER = {3221774},
	MRREVIEWER = {David A. Blanc},
	DOI = {10.1017/CBO9781107261457},
	URL = {http://dx.doi.org.proxy.its.virginia.edu/10.1017/CBO9781107261457},
}

@UNPUBLISHED{Whi14,
	title = {Monoidal {B}ousfield Localizations and Algebras over Operads},
	author = {White, D.},
	year = {2014},
	note = {arXiv preprint: 1404.5197v1}
}

@ARTICLE{CM13a,
	AUTHOR = {Cisinski, Denis-Charles and Moerdijk, Ieke},
	TITLE = {Dendroidal {S}egal spaces and {$\infty$}-operads},
	JOURNAL = {J. Topol.},
	FJOURNAL = {Journal of Topology},
	VOLUME = {6},
	YEAR = {2013},
	NUMBER = {3},
	PAGES = {675--704},
	ISSN = {1753-8416},
	MRCLASS = {55P48 (18G55 55U35)},
	MRNUMBER = {3100887},
	MRREVIEWER = {David Chataur},
	DOI = {10.1112/jtopol/jtt004},
	URL = {http://dx.doi.org/10.1112/jtopol/jtt004},
}

@ARTICLE{CM13b,
	AUTHOR = {Cisinski, Denis-Charles and Moerdijk, Ieke},
	TITLE = {Dendroidal sets and simplicial operads},
	JOURNAL = {J. Topol.},
	FJOURNAL = {Journal of Topology},
	VOLUME = {6},
	YEAR = {2013},
	NUMBER = {3},
	PAGES = {705--756},
	ISSN = {1753-8416},
	MRCLASS = {18D50 (18D30 55P48 55U10)},
	MRNUMBER = {3100888},
	MRREVIEWER = {David Chataur},
	DOI = {10.1112/jtopol/jtt006},
	URL = {http://dx.doi.org/10.1112/jtopol/jtt006},
}

@UNPUBLISHD{GM13,
	AUTHOR = {May, J.P. and Guillou, B.},
	TITLE = {Models of {G}-spectra as presheaves of spectra},
	YEAR = {2013},
	NOTE = {arXiv preprint: 1110.3571}
}

@ARTICLE{HH13,
	AUTHOR = {Harper, John E. and Hess, Kathryn},
	TITLE = {Homotopy completion and topological {Q}uillen homology of
              structured ring spectra},
	JOURNAL = {Geom. Topol.},
	FJOURNAL = {Geometry \& Topology},
	VOLUME = {17},
	YEAR = {2013},
	NUMBER = {3},
	PAGES = {1325--1416},
	ISSN = {1465-3060},
	MRCLASS = {55P43 (18G55 55P48 55U35)},
	MRNUMBER = {3073927},
	MRREVIEWER = {Daniel A. Ramras},
	DOI = {10.2140/gt.2013.17.1325},
	URL = {http://dx.doi.org.proxy.its.virginia.edu/10.2140/gt.2013.17.1325},
}

@UNPUBLISHED{Pe13a,
	AUTHOR="L. A. Pereira",
	TITLE="A general context for {G}oodwillie calculus",
	NOTE = {Available at:  \texttt{http://arxiv.org/abs/1301.2832v1}},
	YEAR = "2013"
}

@UNPUBLISHED{Pe13b,
	AUTHOR="L. A. Pereira",
	TITLE="{G}oodwillie calculus in the category of algebras over a spectral operad",
	NOTE = {Available at:  \texttt{http://www.faculty.virginia.edu/luisalex/research.html}},
	YEAR = "2013"
}

@ARTICLE{RiVe13,
	AUTHOR = {Riehl, Emily and Verity, Dominic},
	TITLE = {The theory and practice of {R}eedy categories},
	JOURNAL = {Theory Appl. Categ.},
	FJOURNAL = {Theory and Applications of Categories},
	VOLUME = {29},
	YEAR = {2014},
	PAGES = {256--301},
	ISSN = {1201-561X},
	MRCLASS = {55U35 (18D10 18G30)},
	MRNUMBER = {3217884},
	MRREVIEWER = {David A. Blanc},
}

@ARTICLE{Ch12,
	AUTHOR = {Ching, Michael},
	TITLE = {Bar-cobar duality for operads in stable homotopy theory},
	JOURNAL = {J. Topol.},
	FJOURNAL = {Journal of Topology},
	VOLUME = {5},
	YEAR = {2012},
	NUMBER = {1},
	PAGES = {39--80},
	ISSN = {1753-8416},
	MRCLASS = {55P48 (18D50 55P42)},
	MRNUMBER = {2897049},
	MRREVIEWER = {Beno\^ {\i}t Fresse},
	DOI = {10.1112/jtopol/jtr027},
	URL = {http://dx.doi.org/10.1112/jtopol/jtr027},
}

@UNPUBLISHED{Wei12,
	AUTHOR = {Weiss, Ittay},
	TITLE = {Broad posets, trees, and the dendroidal category},
	NOTE = {arXiv preprint: \url{https://arxiv.org/abs/1201.3987}{1201.3987}},
	YEAR = "2012"
}

@ARTICLE{AC11,
	AUTHOR = {Arone, Greg and Ching, Michael},
	TITLE = {Operads and chain rules for the calculus of functors},
	JOURNAL = {Ast\'erisque},
	FJOURNAL = {Ast\'erisque},
	NUMBER = {338},
	YEAR = {2011},
	PAGES = {vi+158},
	ISSN = {0303-1179},
	ISBN = {978-2-85629-308-9},
	MRCLASS = {55P65 (18D50 55P42 55P48 55U35)},
	MRNUMBER = {2840569 (2012i:55012)},
	MRREVIEWER = {Beno\^ {\i}t Fresse},
}

@ARTICLE{BM11,
	AUTHOR = {Berger, Clemens and Moerdijk, Ieke},
	TITLE = {On an extension of the notion of {R}eedy category},
	JOURNAL = {Math. Z.},
	FJOURNAL = {Mathematische Zeitschrift},
	VOLUME = {269},
	YEAR = {2011},
	NUMBER = {3-4},
	PAGES = {977--1004},
	ISSN = {0025-5874},
	CODEN = {MAZEAX},
	MRCLASS = {18G55 (18G30 55U35)},
	MRNUMBER = {2860274},
	MRREVIEWER = {Philippe Gaucher},
	DOI = {10.1007/s00209-010-0770-x},
	URL = {http://dx.doi.org/10.1007/s00209-010-0770-x},
}

@ARTICLE{CM11,
	AUTHOR = {Cisinski, Denis-Charles and Moerdijk, Ieke},
	TITLE = {Dendroidal sets as models for homotopy operads},
	JOURNAL = {J. Topol.},
	FJOURNAL = {Journal of Topology},
	VOLUME = {4},
	YEAR = {2011},
	NUMBER = {2},
	PAGES = {257--299},
	ISSN = {1753-8416},
	MRCLASS = {55P48 (18D10 18G30 18G55 55U10 55U40)},
	MRNUMBER = {2805991},
	MRREVIEWER = {Julia Bergner},
	DOI = {10.1112/jtopol/jtq039},
	URL = {http://dx.doi.org/10.1112/jtopol/jtq039},
}

@ARTICLE{DS11,
	AUTHOR = {Dugger, Daniel and Spivak, David I.},
	TITLE = {Rigidification of quasi-categories},
	JOURNAL = {Algebr. Geom. Topol.},
	FJOURNAL = {Algebraic \& Geometric Topology},
	VOLUME = {11},
	YEAR = {2011},
	NUMBER = {1},
	PAGES = {225--261},
	ISSN = {1472-2747},
	MRCLASS = {55U40 (18G30)},
	MRNUMBER = {2764042},
	MRREVIEWER = {G\'erald Gaudens},
	URL = {https://doi.org/10.2140/agt.2011.11.225},
}

@ARTICLE{Fr11,
	AUTHOR = {Fresse, Benoit},
	TITLE = {Koszul duality of {$E_n$}-operads},
	JOURNAL = {Selecta Math. (N.S.)},
	FJOURNAL = {Selecta Mathematica. New Series},
	VOLUME = {17},
	YEAR = {2011},
	NUMBER = {2},
	PAGES = {363--434},
	ISSN = {1022-1824},
	CODEN = {SMATF6},
	MRCLASS = {55P48 (18G55 55S12)},
	MRNUMBER = {2803847 (2012d:55012)},
	MRREVIEWER = {Paul G. Goerss},
	DOI = {10.1007/s00029-010-0047-6},
	URL = {http://dx.doi.org/10.1007/s00029-010-0047-6},
}

@ARTICLE{Rez10,
	AUTHOR = {Rezk, Charles},
	TITLE = {A {C}artesian presentation of weak {$n$}-categories},
	JOURNAL = {Geom. Topol.},
	FJOURNAL = {Geometry \& Topology},
	VOLUME = {14},
	YEAR = {2010},
	NUMBER = {1},
	PAGES = {521--571},
	ISSN = {1465-3060},
	MRCLASS = {18D05 (55U40)},
	MRNUMBER = {2578310},
	URL = {https://doi.org/10.2140/gt.2010.14.521},
}

@BOOK{Fre09,
	AUTHOR = {Fresse, B.},
	TITLE = {Modules over operads and functors},
	SERIES = {Lecture Notes in Mathematics},
	VOLUME = {1967},
	PUBLISHER = {Springer-Verlag, Berlin},
	YEAR = {2009},
	PAGES = {x+308},
	ISBN = {978-3-540-89055-3},
	MRCLASS = {18D50 (18G50 55P48 57T30)},
	MRNUMBER = {2494775},
	MRREVIEWER = {Paul G. Goerss},
	DOI = {10.1007/978-3-540-89056-0},
	URL = {http://dx.doi.org/10.1007/978-3-540-89056-0},
}

@BOOK{GJ,
	AUTHOR = {Goerss, Paul G. and Jardine, John F.},
	TITLE = {Simplicial homotopy theory},
	SERIES = {Modern Birkh\"auser Classics},
	NOTE = {Reprint of the 1999 edition [MR1711612]},
	PUBLISHER = {Birkh\"auser Verlag, Basel},
	YEAR = {2009},
	PAGES = {xvi+510},
	ISBN = {978-3-0346-0188-7},
	MRCLASS = {55U10 (18G55)},
	MRNUMBER = {2840650},
	DOI = {10.1007/978-3-0346-0189-4},
	URL = {http://dx.doi.org.proxy.its.virginia.edu/10.1007/978-3-0346-0189-4},
}

@ARTICLE{Har09,
	AUTHOR = {Harper, John E.},
	TITLE = {Homotopy theory of modules over operads in symmetric spectra},
	JOURNAL = {Algebr. Geom. Topol.},
	FJOURNAL = {Algebraic \& Geometric Topology},
	VOLUME = {9},
	YEAR = {2009},
	NUMBER = {3},
	PAGES = {1637--1680},
	ISSN = {1472-2747},
	MRCLASS = {55P43 (55P48 55U35)},
	MRNUMBER = {2539191 (2011d:55019)},
	MRREVIEWER = {Andrey Yu. Lazarev},
	DOI = {10.2140/agt.2009.9.1637},
	URL = {http://dx.doi.org.proxy.its.virginia.edu/10.2140/agt.2009.9.1637},
}

@book {Lur09,
	AUTHOR = {Lurie, Jacob},
	TITLE = {Higher topos theory},
	SERIES = {Annals of Mathematics Studies},
	VOLUME = {170},
	PUBLISHER = {Princeton University Press, Princeton, NJ},
	YEAR = {2009},
	PAGES = {xviii+925},
	ISBN = {978-0-691-14049-0; 0-691-14049-9},
	MRCLASS = {18-02 (18B25 18E35 18G30 18G55 55U40)},
	MRNUMBER = {2522659},
	MRREVIEWER = {Mark Hovey},
	DOI = {10.1515/9781400830558},
	URL = {http://dx.doi.org/10.1515/9781400830558},
}

@ARTICLE{MW09,
	AUTHOR = {Moerdijk, I. and Weiss, I.},
	TITLE = {On inner {K}an complexes in the category of dendroidal sets},
	JOURNAL = {Adv. Math.},
	FJOURNAL = {Advances in Mathematics},
	VOLUME = {221},
	YEAR = {2009},
	NUMBER = {2},
	PAGES = {343--389},
	ISSN = {0001-8708},
	CODEN = {ADMTA4},
	MRCLASS = {55U10 (18D50 18G30 55U40)},
	MRNUMBER = {2508925},
	MRREVIEWER = {Julia Bergner},
	DOI = {10.1016/j.aim.2008.12.015},
	URL = {http://dx.doi.org/10.1016/j.aim.2008.12.015},
}

@article {Ber07,
    AUTHOR = {Bergner, Julia E.},
     TITLE = {A characterization of fibrant {S}egal categories},
   JOURNAL = {Proc. Amer. Math. Soc.},
  FJOURNAL = {Proceedings of the American Mathematical Society},
    VOLUME = {135},
      YEAR = {2007},
    NUMBER = {12},
     PAGES = {4031--4037},
      ISSN = {0002-9939},
   MRCLASS = {55U35 (18G30)},
  MRNUMBER = {2341955},
MRREVIEWER = {David A. Blanc},
       URL = {https://doi.org/10.1090/S0002-9939-07-08924-1},
}

@ARTICLE{DP07,
	AUTHOR = {Do\v{s}en, K. and Petri\'c, Z.},
	TITLE = {Relevant categories and partial functions},
	JOURNAL = {Publ. Inst. Math. (Beograd) (N.S.)},
	FJOURNAL = {Institut Math\'ematique. Publications. Nouvelle S\'erie},
	VOLUME = {82(96)},
	YEAR = {2007},
	PAGES = {17--23},
	ISSN = {0350-1302},
	MRCLASS = {03B47 (03F52 03G30 18D10 18D15)},
	MRNUMBER = {2412160},
	MRREVIEWER = {Robert A. G. Seely},
	DOI = {10.2298/PIM0796017D},
	URL = {http://dx.doi.org/10.2298/PIM0796017D},
}

@incollection {JT07,
    AUTHOR = {Joyal, Andr\'e and Tierney, Myles},
     TITLE = {Quasi-categories vs {S}egal spaces},
 BOOKTITLE = {Categories in algebra, geometry and mathematical physics},
    SERIES = {Contemp. Math.},
    VOLUME = {431},
     PAGES = {277--326},
 PUBLISHER = {Amer. Math. Soc., Providence, RI},
      YEAR = {2007},
   MRCLASS = {55U35 (18G55)},
  MRNUMBER = {2342834},
MRREVIEWER = {Nicola Gambino},
       URL = {https://doi.org/10.1090/conm/431/08278},
}
	

@ARTICLE{MW07,
	AUTHOR = {Moerdijk, I. and Weiss, I.},
	TITLE = {Dendroidal sets},
	JOURNAL = {Algebr. Geom. Topol.},
	FJOURNAL = {Algebraic \& Geometric Topology},
	VOLUME = {7},
	YEAR = {2007},
	PAGES = {1441--1470},
	ISSN = {1472-2747},
	MRCLASS = {55P48 (18D10 18G30 55U10 55U40)},
	MRNUMBER = {2366165},
	DOI = {10.2140/agt.2007.7.1441},
	URL = {http://dx.doi.org/10.2140/agt.2007.7.1441},
}

@ARTICLE{Bar07,
	AUTHOR= "C. Barwick",
	TITLE= "On the Dreaded Right Bousfield Localization"
}

@ARTICLE{EM06,
	AUTHOR = {Elmendorf, A. D. and Mandell, M. A.},
	TITLE = {Rings, modules, and algebras in infinite loop space theory},
	JOURNAL = {Adv. Math.},
	FJOURNAL = {Advances in Mathematics},
	VOLUME = {205},
	YEAR = {2006},
	NUMBER = {1},
	PAGES = {163--228},
	ISSN = {0001-8708},
	CODEN = {ADMTA4},
	MRCLASS = {19D23 (18D10 55P43)},
	MRNUMBER = {2254311 (2007g:19001)},
	MRREVIEWER = {J. P. C. Greenlees},
	DOI = {10.1016/j.aim.2005.07.007},
	URL = {http://dx.doi.org.proxy.its.virginia.edu/10.1016/j.aim.2005.07.007},
}

@UNPUBLISHED{Gui06,
	title = {A short note on models for equivariant homotopy theory},
	author = {Guillou, B.},
	note = {Available at: \url{http://www.ms.uky.edu/~guillou/EquivModels.pdf}},	
	year = {2006}
}

@ARTICLE{Ch05,
	AUTHOR = {Ching, Michael},
	TITLE = {Bar constructions for topological operads and the {G}oodwillie
	              derivatives of the identity},
	JOURNAL = {Geom. Topol.},
	FJOURNAL = {Geometry and Topology},
	VOLUME = {9},
	YEAR = {2005},
	PAGES = {833--933 (electronic)},
	ISSN = {1465-3060},
	MRCLASS = {55P48 (18D50 55P43)},
	MRNUMBER = {2140994 (2006a:55012)},
	MRREVIEWER = {Beno\^ {\i}t Fresse},
	DOI = {10.2140/gt.2005.9.833},
	URL = {http://dx.doi.org/10.2140/gt.2005.9.833},
}

@UNPUBLISHED{GH04,
	title = {Moduli Problems for Structured Ring Spectra},
	author = {Goerss, P.G. and Hopkins, M.J.},
	year = {2004},
	note = {Available at: \url{http://www.math.northwestern.edu/~pgoerss/spectra/obstruct.pdf}}
}

@INCOLLECTION{Sh04,
	AUTHOR = {Shipley, Brooke},
	TITLE = {A convenient model category for commutative ring spectra},
	BOOKTITLE = {Homotopy theory: relations with algebraic geometry, group
              cohomology, and algebraic {$K$}-theory},
	SERIES = {Contemp. Math.},
	VOLUME = {346},
	PAGES = {473--483},
	PUBLISHER = {Amer. Math. Soc., Providence, RI},
	YEAR = {2004},
	MRCLASS = {55P42 (55U35)},
	MRNUMBER = {2066511 (2005d:55014)},
	MRREVIEWER = {Daniel C. Isaksen},
	DOI = {10.1090/conm/346/06300},
	URL = {http://dx.doi.org.proxy.its.virginia.edu/10.1090/conm/346/06300},
}

@ARTICLE{BM03,
	author = {Berger, C. and Moerdijk, I.},
	title = {Axiomatic homotopy theory for operads},
	journal = {Commentarii Mathematici Helvetici},
	volume = {78},
	issue = {4},
	pages = {805--831},
	year = {2003}
}

@ARTICLE{Go03,
	AUTHOR = {Goodwillie, Thomas G.},
	TITLE = {Calculus. {III}. {T}aylor series},
	JOURNAL = {Geom. Topol.},
	FJOURNAL = {Geometry and Topology},
	VOLUME = {7},
	YEAR = {2003},
	PAGES = {645--711 (electronic)},
	ISSN = {1465-3060},
	MRCLASS = {55P65 (19D10 55P42 55U35)},
	MRNUMBER = {2026544 (2005e:55015)},
	MRREVIEWER = {Daniel C. Isaksen},
	DOI = {10.2140/gt.2003.7.645},
	URL = {http://dx.doi.org/10.2140/gt.2003.7.645},
}

@BOOK{Hir03,
	AUTHOR = {Hirschhorn, Philip S.},
	TITLE = {Model categories and their localizations},
	SERIES = {Mathematical Surveys and Monographs},
	VOLUME = {99},
	PUBLISHER = {American Mathematical Society, Providence, RI},
	YEAR = {2003},
	PAGES = {xvi+457},
	ISBN = {0-8218-3279-4},
	MRCLASS = {18G55 (55P60 55U35)},
	MRNUMBER = {1944041 (2003j:18018)},
	MRREVIEWER = {David A. Blanc},
}

@ARTICLE{Vogt03,
	author = "Vogt, R.M.",
	title = {Cofibrant operads and universal {$E_\infty$} operads},
	journal = "Topology and its Applications",
	volume = "133",
	number = "1",
	pages = "69 - 87",
	year = "2003",
	note = "",
	issn = "0166-8641",
	doi = "http://dx.doi.org/10.1016/S0166-8641(03)00055-5",
	url = "http://www.sciencedirect.com/science/article/pii/S0166864103000555",
}


@book {MSS02,
    AUTHOR = {Markl, Martin and Shnider, Steve and Stasheff, Jim},
     TITLE = {Operads in algebra, topology and physics},
    SERIES = {Mathematical Surveys and Monographs},
    VOLUME = {96},
 PUBLISHER = {American Mathematical Society, Providence, RI},
      YEAR = {2002},
     PAGES = {x+349},
      ISBN = {0-8218-2134-2},
   MRCLASS = {18D50 (55P48 55R80)},
  MRNUMBER = {1898414},
MRREVIEWER = {Alexander A. Voronov},
}


@BOOK{Hatcher,
	AUTHOR = {Hatcher, A.},
	TITLE = {Algebraic topology},
	PUBLISHER = {Cambridge University Press, Cambridge},
	YEAR = {2002},
	PAGES = {xii+544},
	ISBN = {0-521-79160-X; 0-521-79540-0},
	MRCLASS = {55-01 (55-00)},
	MRNUMBER = {1867354},
	MRREVIEWER = {Donald W. Kahn},
}

@article {Ho01,
	AUTHOR = {Hovey, Mark},
	TITLE = {Spectra and symmetric spectra in general model categories},
	JOURNAL = {J. Pure Appl. Algebra},
	FJOURNAL = {Journal of Pure and Applied Algebra},
	VOLUME = {165},
	YEAR = {2001},
	NUMBER = {1},
	PAGES = {63--127},
	ISSN = {0022-4049},
	CODEN = {JPAAA2},
	MRCLASS = {55P42 (14F35 14F42 55P43 55U35)},
	MRNUMBER = {1860878},
	MRREVIEWER = {J. P. C. Greenlees},
	DOI = {10.1016/S0022-4049(00)00172-9},
	URL = {http://dx.doi.org/10.1016/S0022-4049(00)00172-9},
}

@ARTICLE{MMSS,
	AUTHOR = {Mandell, M. A. and May, J. P. and Schwede, S. and Shipley, B.},
	TITLE = {Model categories of diagram spectra},
	JOURNAL = {Proc. London Math. Soc. (3)},
	FJOURNAL = {Proceedings of the London Mathematical Society. Third Series},
	VOLUME = {82},
	YEAR = {2001},
	NUMBER = {2},
	PAGES = {441--512},
	ISSN = {0024-6115},
	CODEN = {PLMTAL},
	MRCLASS = {55P42 (18A25 18E30 55U35)},
	MRNUMBER = {1806878 (2001k:55025)},
	MRREVIEWER = {Mark Hovey},
	DOI = {10.1112/S0024611501012692},
	URL = {http://dx.doi.org.proxy.its.virginia.edu/10.1112/S0024611501012692},
}

@ARTICLE{Rez01,
	AUTHOR = {Rezk, Charles},
	TITLE = {A model for the homotopy theory of homotopy theory},
	JOURNAL = {Trans. Amer. Math. Soc.},
	FJOURNAL = {Transactions of the American Mathematical Society},
	VOLUME = {353},
	YEAR = {2001},
	NUMBER = {3},
	PAGES = {973--1007},
	ISSN = {0002-9947},
	MRCLASS = {55U35 (18G30)},
	MRNUMBER = {1804411},
	MRREVIEWER = {Brooke E. Shipley},
	URL = {https://doi.org/10.1090/S0002-9947-00-02653-2},
}

@UNPUBLISHED{Spi01,
	AUTHOR = {Spitzweck, M.},
	TITLE = {Operads, algebras and modules in general model categories},
	NOTE = {arXiv preprint: 0101102},
	YEAR = {2001},
}

@ARTICLE{Bek00,
	AUTHOR = {Beke, Tibor},
	TITLE = {Sheafifiable homotopy model categories},
	JOURNAL = {Math. Proc. Cambridge Philos. Soc.},
	FJOURNAL = {Mathematical Proceedings of the Cambridge Philosophical Society},
	VOLUME = {129},
	YEAR = {2000},
	NUMBER = {3},
	PAGES = {447--475},
	ISSN = {0305-0041},
	MRCLASS = {18D15 (03C95 18F20 18G55)},
	MRNUMBER = {1780498},
	MRREVIEWER = {Masahiko Niwa},
	URL = {https://doi.org/10.1017/S0305004100004722},
}

@ARTICLE{HSS,
	AUTHOR = {Hovey, Mark and Shipley, Brooke and Smith, Jeff},
	TITLE = {Symmetric spectra},
	JOURNAL = {J. Amer. Math. Soc.},
	FJOURNAL = {Journal of the American Mathematical Society},
	VOLUME = {13},
	YEAR = {2000},
	NUMBER = {1},
	PAGES = {149--208},
	ISSN = {0894-0347},
	MRCLASS = {55P42 (18D10 18D50 18G30 18G55 55U10 55U35)},
	MRNUMBER = {1695653 (2000h:55016)},
	MRREVIEWER = {J. P. C. Greenlees},
	DOI = {10.1090/S0894-0347-99-00320-3},
	URL = {http://dx.doi.org.proxy.its.virginia.edu/10.1090/S0894-0347-99-00320-3},
}

@ARTICLE{SS00,
	AUTHOR = {Schwede, Stefan and Shipley, Brooke E.},
	TITLE = {Algebras and modules in monoidal model categories},
	JOURNAL = {Proc. London Math. Soc. (3)},
	FJOURNAL = {Proceedings of the London Mathematical Society. Third Series},
	VOLUME = {80},
	YEAR = {2000},
	NUMBER = {2},
	PAGES = {491--511},
	ISSN = {0024-6115},
	CODEN = {PLMTAL},
	MRCLASS = {18D10 (18D50 55P48 55U35)},
	MRNUMBER = {1734325 (2001c:18006)},
	MRREVIEWER = {Mark Hovey},
	DOI = {10.1112/S002461150001220X},
	URL = {http://dx.doi.org.proxy.its.virginia.edu/10.1112/S002461150001220X},
}

@BOOK{Hov99,
	AUTHOR = {Hovey, Mark},
	TITLE = {Model categories},
	SERIES = {Mathematical Surveys and Monographs},
	VOLUME = {63},
	PUBLISHER = {American Mathematical Society, Providence, RI},
	YEAR = {1999},
	PAGES = {xii+209},
	ISBN = {0-8218-1359-5},
	MRCLASS = {55U35 (18D15 18G30 18G55)},
	MRNUMBER = {1650134 (99h:55031)},
	MRREVIEWER = {Teimuraz Pirashvili},
}

@UNPUBLISHED{Hov98,
	title = {Monoidal model categories},
	author = {Hovey, M.},
	year = {1998},
	note = {arXiv preprint: 9803002}
}

@BOOK{McL,
	AUTHOR = {Mac Lane, Saunders},
	TITLE = {Categories for the working mathematician},
	SERIES = {Graduate Texts in Mathematics},
	VOLUME = {5},
	EDITION = {Second},
	 PUBLISHER = {Springer-Verlag, New York},
	YEAR = {1998},
	PAGES = {xii+314},
	ISBN = {0-387-98403-8},
	MRCLASS = {18-02},
	MRNUMBER = {1712872 (2001j:18001)},
}

@BOOK{EKMM,
	AUTHOR = {Elmendorf, A. D. and Kriz, I. and Mandell, M. A. and May, J. P.},
	TITLE = {Rings, modules, and algebras in stable homotopy theory},
	SERIES = {Mathematical Surveys and Monographs},
	VOLUME = {47},
	NOTE = {With an appendix by M. Cole},
	PUBLISHER = {American Mathematical Society, Providence, RI},
	YEAR = {1997},
	PAGES = {xii+249},
	ISBN = {0-8218-0638-6},
	MRCLASS = {55N20 (19D10 19D55 55P42 55T25)},
	MRNUMBER = {1417719},
	MRREVIEWER = {Donald M. Davis},
}

@UNPUBLISHED{Sch97,
	AUTHOR = {Schwede, Stefan},
	TITLE = {An untitled book project about symmetric spectra},
	YEAR = {1997},
	NOTE = {Available at:  \texttt{www.math.uni-bonn.de/people/schwede/SymSpec.pdf}}
}

@UNPUBLISHED{GJ94,
	AUTHOR = {Getzler, E. and Jones, J.D.S.},
	TITLE = {Operads, homotopy algebra and iterated integrals for double loop spaces},
	YEAR = {1994},
	NOTE = {Available at:  \texttt{https://arxiv.org/abs/hep-th/9403055}}
}

@ARTICLE{GK94,
	AUTHOR = {Ginzburg, Victor and Kapranov, Mikhail},
	TITLE = {Koszul duality for operads},
	JOURNAL = {Duke Math. J.},
	FJOURNAL = {Duke Mathematical Journal},
	VOLUME = {76},
	YEAR = {1994},
	NUMBER = {1},
	PAGES = {203--272},
	ISSN = {0012-7094},
	CODEN = {DUMJAO},
	MRCLASS = {18D10 (14H10 16S99 18G50 55P47)},
	MRNUMBER = {1301191 (96a:18004)},
	MRREVIEWER = {Igor K{\v{r}}{\'{\i}}{\v{z}}},
	DOI = {10.1215/S0012-7094-94-07608-4},
	URL = {http://dx.doi.org/10.1215/S0012-7094-94-07608-4},
}

@ARTICLE{CW91,
	AUTHOR = {Costenoble, Steven R. and Waner, Stefan},
	TITLE = {Fixed set systems of equivariant infinite loop spaces},
	JOURNAL = {Trans. Amer. Math. Soc.},
	FJOURNAL = {Transactions of the American Mathematical Society},
	VOLUME = {326},
	YEAR = {1991},
	NUMBER = {2},
	PAGES = {485--505},
	ISSN = {0002-9947},
	MRCLASS = {55P91 (55N91 55P47 55R35)},
	MRNUMBER = {1012523},
	MRREVIEWER = {Ryszard Doman},
	DOI = {10.2307/2001770},
	URL = {http://dx.doi.org.proxy.its.virginia.edu/10.2307/2001770},
}


@ARTICLE{Go91,
	AUTHOR = {Goodwillie, Thomas G.},
	TITLE = {Calculus. {II}. {A}nalytic functors},
	JOURNAL = {$K$-Theory},
	FJOURNAL = {$K$-Theory. An Interdisciplinary Journal for the Development,
              Application, and Influence of $K$-Theory in the Mathematical
              Sciences},
	VOLUME = {5},
	YEAR = {1991/92},
	NUMBER = {4},
	PAGES = {295--332},
	ISSN = {0920-3036},
	CODEN = {KTHEEO},
	MRCLASS = {55P65 (18G55 19D10 55Q30)},
	MRNUMBER = {1162445 (93i:55015)},
	MRREVIEWER = {Roland Schw{\"a}nzl},
	DOI = {10.1007/BF00535644},
	URL = {http://dx.doi.org/10.1007/BF00535644},
}

@ARTICLE{Pia91,
	title = {Homotopy theory of diagrams and {CW}-complexes over a category},
	author = {Piacenza, R. J.},
	journal = {Canadian Journal of Mathematics},
	volume = {43},
	issue = {4},
	pages = {814--824},
	year = {1991}
}

@ARTICLE{Go90,
	AUTHOR = {Goodwillie, Thomas G.},
	TITLE = {Calculus. {I}. {T}he first derivative of pseudoisotopy theory},
	JOURNAL = {$K$-Theory},
	FJOURNAL = {$K$-Theory. An Interdisciplinary Journal for the Development,
              Application, and Influence of $K$-Theory in the Mathematical
              Sciences},
	VOLUME = {4},
	YEAR = {1990},
	NUMBER = {1},
	PAGES = {1--27},
	ISSN = {0920-3036},
	CODEN = {KTHEEO},
	MRCLASS = {57Q10 (19M05 55P99)},
	MRNUMBER = {1076523 (92m:57027)},
	DOI = {10.1007/BF00534191},
	URL = {http://dx.doi.org/10.1007/BF00534191},
}

@ARTICLE{Elm83,
	title = {Systems of fixed point sets},
	author = {Elmendorf, A. D.},
	journal = {Transactions of the American Mathematical Society},
	volume = {277},
	issue = {1},
	pages = {275--284},
	year = {1983}
}

@BOOK{BV73,
	author = {Boardman, M. and Vogt, R.},
	title = {Homotopy invariant algebraic structures on topological spaces},
	series = {Lecture Notes in Mathematics},
	volume = {347},
	publisher = {Springer-Verlag},
	year = {1973}
}

@BOOK{May72,
	AUTHOR = {May, J. P.},
	TITLE = {The geometry of iterated loop spaces},
	NOTE = {Lectures Notes in Mathematics, Vol. 271},
	PUBLISHER = {Springer-Verlag, Berlin-New York},
	YEAR = {1972},
	PAGES = {viii+175},
	MRCLASS = {55D35},
	MRNUMBER = {0420610 (54 \#8623b)},
	MRREVIEWER = {J. Stasheff},
}

@INCOLLECTION{EK66,
	AUTHOR = {Eilenberg, Samuel and Kelly, G. Max},
	TITLE = {Closed categories},
	BOOKTITLE = {Proc. {C}onf. {C}ategorical {A}lgebra ({L}a {J}olla, {C}alif., 1965)},
	PAGES = {421--562},
	PUBLISHER = {Springer, New York},
	YEAR = {1966},
	MRCLASS = {18.10},
	MRNUMBER = {0225841},
	MRREVIEWER = {F. E. J. Linton},
}

@article {Ber17,
    AUTHOR = {Bergner, Julia E.},
     TITLE = {Equivalence of models for equivariant
              {$(\infty,1)$}-categories},
   JOURNAL = {Glasg. Math. J.},
  FJOURNAL = {Glasgow Mathematical Journal},
    VOLUME = {59},
      YEAR = {2017},
    NUMBER = {1},
     PAGES = {237--253},
      ISSN = {0017-0895},
   MRCLASS = {55P91 (18G55 55U35 55U40)},
  MRNUMBER = {3576335},
MRREVIEWER = {Steven R. Costenoble},
       URL = {https://doi.org/10.1017/S0017089516000136},
}

@incollection {JT06,
    AUTHOR = {Joyal, Andr\'e and Tierney, Myles},
     TITLE = {Quasi-categories vs {S}egal spaces},
 BOOKTITLE = {Categories in algebra, geometry and mathematical physics},
    SERIES = {Contemp. Math.},
    VOLUME = {431},
     PAGES = {277--326},
 PUBLISHER = {Amer. Math. Soc., Providence, RI},
      YEAR = {2007},
   MRCLASS = {55U35 (18G55)},
  MRNUMBER = {2342834},
MRREVIEWER = {Nicola Gambino},
       URL = {https://doi.org/10.1090/conm/431/08278},
}

@unpublished {Cav14,
author = {Caviglia, Giovanni},
title = {A model structure for enriched coloured operads},
year = {2014},
note = {arXiv preprint: 1401.6983}
}

@incollection {BM07,
    AUTHOR = {Berger, Clemens and Moerdijk, Ieke},
     TITLE = {Resolution of coloured operads and rectification of homotopy
              algebras},
 BOOKTITLE = {Categories in algebra, geometry and mathematical physics},
    SERIES = {Contemp. Math.},
    VOLUME = {431},
     PAGES = {31--58},
 PUBLISHER = {Amer. Math. Soc., Providence, RI},
      YEAR = {2007},
   MRCLASS = {18D50 (18G55 55U35)},
  MRNUMBER = {2342815},
       URL = {https://doi.org/10.1090/conm/431/08265},
}

@article {BM13,
    AUTHOR = {Berger, Clemens and Moerdijk, Ieke},
     TITLE = {On the homotopy theory of enriched categories},
   JOURNAL = {Q. J. Math.},
  FJOURNAL = {The Quarterly Journal of Mathematics},
    VOLUME = {64},
      YEAR = {2013},
    NUMBER = {3},
     PAGES = {805--846},
      ISSN = {0033-5606},
   MRCLASS = {18D20 (18G55)},
  MRNUMBER = {3094501},
MRREVIEWER = {Philippe Gaucher},
       URL = {https://doi.org/10.1093/qmath/hat023},
}

@article {Cis06,
    AUTHOR = {Cisinski, Denis-Charles},
     TITLE = {Les pr\'efaisceaux comme mod\`eles des types d'homotopie},
   JOURNAL = {Ast\'erisque},
  FJOURNAL = {Ast\'erisque},
    VOLUME = {308},
      YEAR = {2006},
     PAGES = {xxiv+390},
      ISSN = {0303-1179},
      ISBN = {978-2-85629-225-9},
   MRCLASS = {55-02 (18F20 18G50 55P60 55U35)},
  MRNUMBER = {2294028},
MRREVIEWER = {Philippe Gaucher},
}

@article{Joy02,
title = "Quasi-categories and {K}an complexes",
journal = "Journal of Pure and Applied Algebra",
volume = "175",
number = "1",
pages = "207 - 222",
year = "2002",
note = "Special Volume celebrating the 70th birthday of Professor Max Kelly",
issn = "0022-4049",
doi = "https://doi.org/10.1016/S0022-4049(02)00135-4",
url = "http://www.sciencedirect.com/science/article/pii/S0022404902001354",
author = "A. Joyal"
}

@unpublished{Rie,
        title = {Quasi-categories as {$(\infty,1)$}-categories},
        author = {Riehl, Emily},
        note = {Can be found at http://www.math.jhu.edu/~eriehl/quasi-categories-as.pdf},
        year = {}
}


@UNPUBLISHED{Law16,
	title = {Localization of enriched categories and cubical sets},
	author = {Lawson, Tyler},
	year = {2016},
	note = {arXiv prepint: 1602.05313}
}

@unpublished{Lur17,
       title = {Higher Algebra},
       author = {Lurie, Jacob},
       year = {2017},
       note = {Can be found at http://www.math.harvard.edu/~lurie/papers/HA.pdf}
       }

@UNPUBLISHED{Wal15,
	title = {Homotopy theory in a quasi-abelian category},
	author = {Wallbridge, James},
	year = {2015},
	note = {arXiv prepint: 1610.04055}
}

@article {Mur11,
    AUTHOR = {Muro, Fernando},
     TITLE = {Homotopy theory of nonsymmetric operads},
   JOURNAL = {Algebr. Geom. Topol.},
  FJOURNAL = {Algebraic \& Geometric Topology},
    VOLUME = {11},
      YEAR = {2011},
    NUMBER = {3},
     PAGES = {1541--1599},
      ISSN = {1472-2747},
   MRCLASS = {18D50 (18D10)},
  MRNUMBER = {2821434},
MRREVIEWER = {Viorel Mihai Gontineac},
       URL = {https://doi.org/10.2140/agt.2011.11.1541},
}

@article {Mur14,
    AUTHOR = {Muro, Fernando},
     TITLE = {Homotopy theory of non-symmetric operads, {II}: {C}hange of
              base category and left properness},
   JOURNAL = {Algebr. Geom. Topol.},
  FJOURNAL = {Algebraic \& Geometric Topology},
    VOLUME = {14},
      YEAR = {2014},
    NUMBER = {1},
     PAGES = {229--281},
      ISSN = {1472-2747},
   MRCLASS = {18D50 (18D10 18G55)},
  MRNUMBER = {3158759},
MRREVIEWER = {David Chataur},
       URL = {https://doi.org/10.2140/agt.2014.14.229},
}

@UNPUBLISHED{BP_sq,
	AUTHOR = {Bonventre, P. and Pereira, L.},
	TITLE = {Equivariant dendroidal sets and simplicial operads},
	NOTE = {In preparation},
}

@Inbook{Ber10,
author="Bergner, Julia E..",
title={A Survey of {$(\infty, 1)$}-Categories},
bookTitle="Towards Higher Categories",
year="2010",
publisher="Springer New York",
address="New York, NY",
pages="69--83",
isbn="978-1-4419-1524-5",
doi="10.1007/978-1-4419-1524-5_2",
url="https://doi.org/10.1007/978-1-4419-1524-5_2"
}
